<?xml version="1.0" encoding="UTF-8"?><collection xmlns="http://www.loc.gov/MARC21/slim"><record><leader>00529nam--2200181-i-4500</leader><controlfield tag="001">000010819</controlfield><controlfield tag="002">20161230</controlfield><controlfield tag="005">20161230201029</controlfield><controlfield tag="008">060222s1000------------r-----000-0-eng-d</controlfield><datafield ind1=" " ind2=" " tag="040"><subfield code="a">IFIN-HH</subfield></datafield><datafield ind1=" " ind2=" " tag="080"><subfield code="a">539.171.001(047.1)</subfield></datafield><datafield ind1="1" ind2=" " tag="100"><subfield code="a">Atkinson, D</subfield></datafield><datafield ind1="1" ind2="0" tag="245"><subfield code="a">Construction of unitary scattering amplitude</subfield><subfield code="c">D. atkinson, g. mahoux, f.j. yndurain</subfield></datafield><datafield ind1=" " ind2=" " tag="260"><subfield code="a">Groningen</subfield><subfield code="b">Institute Voor Theoretische Natuur Kunde</subfield><subfield code="c">1973</subfield></datafield><datafield ind1=" " ind2=" " tag="300"><subfield code="a">50 P</subfield></datafield><datafield ind1="1" ind2=" " tag="700"><subfield code="a">Yndurain, F.J</subfield></datafield><datafield ind1=" " ind2=" " tag="852"><subfield code="a">39475</subfield><subfield code="c">539.17</subfield></datafield><datafield ind1=" " ind2=" " tag="CAT"><subfield code="a">Sys</subfield><subfield code="c">20120611</subfield><subfield code="h">111511</subfield></datafield></record></collection>